@STRING{LNCS = {LNCS}}
@STRING{DCC = {Des. Codes Cryptogr.}}


@misc{ add:bip340,
  author    = {Pieter Wuille and Jonas Nick and Tim Ruffing},
  title     = {Schnorr Signatures for secp256k1},
  howpublished = {Bitcoin Improvement Proposal 340},
  year      = {2020},
  note      = {\url{https://github.com/bitcoin/bips/blob/master/bip-0340.mediawiki}}
}

@misc{ add:bip32,
  author    = {Pieter Wuille},
  title     = {Hierarchical Deterministic Wallets},
  howpublished = {Bitcoin Improvement Proposal 32},
  year      = {2013},
  note      = {See \url{https://github.com/bitcoin/bips/blob/master/bip-0032.mediawiki}}
}

@misc{ add:bip-taproot,
  author    = {Pieter Wuille and Jonas Nick and Anthony Towns},
  title     = {Taproot: SegWit version 1 output spending rules},
  howpublished = {Bitcoin Improvement Proposal 341},
  year      = {2020},
  note      = {See \url{https://github.com/bitcoin/bips/blob/master/bip-0341.mediawiki}}
}

@inproceedings{ add:BLOR20,
  author    = {Fabrice Benhamouda and
               Tancrède Lepoint and
               Julian Loss and
               Michele Orrù and
               Mariana Raykova},
  title     = {On the (in)security of {ROS}},
  year      = {2021},
  booktitle = {EUROCRYPT 2021},
  --howpublished = {Cryptology ePrint Archive, Report 2020/945},
  --note      = {Available at \url{http://eprint.iacr.org/2020/945.pdf}}
}
@InProceedings{C:Wagner02,
  author =       "David Wagner",
  title =        "A Generalized Birthday Problem",
  pages =        "288--303",
  editor =       crypto02ed,
  booktitle =    crypto02name,
  volume =       crypto02vol,
  address =      cryptoaddr,
  month =        crypto02month,
  publisher =    cryptopub,
  series =       mylncs,
  year =         2002,
  doi =          "10.1007/3-540-45708-9_19",
}

@inproceedings{nick2021musig2,
  title={MuSig2: simple two-round Schnorr multi-signatures},
  author={Nick, Jonas and Ruffing, Tim and Seurin, Yannick},
  booktitle={Annual International Cryptology Conference},
  pages={189--221},
  year={2021},
  organization={Springer}
}
